<?xml version="1.0" encoding="UTF-8"?><collection><record><leader>06996ntm a2200577 a 4500</leader><controlfield tag="001">006768653</controlfield><controlfield tag="003">MiAaHDL</controlfield><controlfield tag="005">20190719000000.0</controlfield><controlfield tag="006">m        d        </controlfield><controlfield tag="007">cr bn ---auaua</controlfield><controlfield tag="008">090506q17701830xx            00| ||ara d</controlfield><datafield tag="035" ind1=" " ind2=" "><subfield code="a">(MiU)006768653</subfield></datafield><datafield tag="035" ind1=" " ind2=" "><subfield code="a">sdr-miu006768653</subfield></datafield><datafield tag="040" ind1=" " ind2=" "><subfield code="a">MiU</subfield><subfield code="c">MiU</subfield><subfield code="e">amremm</subfield></datafield><datafield tag="043" ind1=" " ind2=" "><subfield code="a">n-us-mi</subfield></datafield><datafield tag="100" ind1="1" ind2=" "><subfield code="6">880-01</subfield><subfield code="a">Zaynīʹzādah, Ḥusayn ibn Aḥmad,</subfield><subfield code="d">-1754 or 1755.</subfield></datafield><datafield tag="240" ind1="1" ind2="0"><subfield code="6">880-02</subfield><subfield code="a">Muʻrib al-Kāfiyah</subfield></datafield><datafield tag="245" ind1="1" ind2="3"><subfield code="6">880-03</subfield><subfield code="a">al-Fawāʼid al-shāfiyah ʻalá iʻrāb al-Kāfiyah,</subfield><subfield code="f">[late 18th or early 19th century?].</subfield></datafield><datafield tag="246" ind1="3" ind2=" "><subfield code="i">Edge title (tail):</subfield><subfield code="a">معرب الكافية</subfield></datafield><datafield tag="246" ind1="3" ind2=" "><subfield code="i">Title from close on p.721:</subfield><subfield code="a">اعراب على كتاب الكافية</subfield></datafield><datafield tag="260" ind1=" " ind2=" "><subfield code="c">[1770-1830?].</subfield></datafield><datafield tag="300" ind1=" " ind2=" "><subfield code="a">360 leaves :</subfield><subfield code="b">paper ;</subfield><subfield code="c">191 x 120 (127 x 65) mm. bound to 191 x 130 mm.</subfield></datafield><datafield tag="500" ind1=" " ind2=" "><subfield code="a">Shelfmark: Ann Arbor, University of Michigan, Special Collections Library, Isl. Ms. 130</subfield></datafield><datafield tag="500" ind1=" " ind2=" "><subfield code="a">Origin: Lacks dated scribal colophon ; paper may suggest late 18th or early 19th century. As appears in authorial colophon on p.722, composition completed 5 Ramaḍān 1168 [ca. 15 June 1755].</subfield></datafield><datafield tag="500" ind1=" " ind2=" "><subfield code="a">Accompanying materials: Slips with notes (paginated pp.289-290 and pp.429-430).</subfield></datafield><datafield tag="500" ind1=" " ind2=" "><subfield code="a">Former shelfmark: British Museum, London "No. 42. Commentary on Kafiyah."</subfield></datafield><datafield tag="500" ind1=" " ind2=" "><subfield code="a">Binding: Pasteboards covered in dark maroon leather ; Type II binding (with flap) ; board linings in yellow laid paper ; flyleaves in orange laid paper ; upper and lower covers bears blind-stamped and gold-painted scalloped mandorla and pendants with floral vegetal composition (compare Déroche class. NSd 7), accompanied by tooled and gold-painted accents and guilloché roll border, design continues on fore-edge flap and envelope flap ; sewn in mauve thread, two stations ; worked endbands in pink and yellow, damaged but intact ; in fair to poor condition with minor abrasion, lifting and losses of leather at spine and fore-edge flap, though upper cover completely is detached and spine is split (textblock held together by headband only) ; housed in box for protection.</subfield></datafield><datafield tag="500" ind1=" " ind2=" "><subfield code="a">Support: European laid paper with 10 laid lines per cm. (horizontal) and chain lines spaced 25 mm. apart (vertical) ; roughly first half of quires well-burnished to glossy ; watermark and/or countermark with name or initials only partially visible.</subfield></datafield><datafield tag="500" ind1=" " ind2=" "><subfield code="a">Decoration: Elegant headpiece (ʻunwān) in red and pink on incipit page (p.2) consisting of rectangular piece carrying the basmalah, surmounted by scalloped semi-circular piece (dome) filled with floral decoration and itself surmounted by vertical stalks (tīgh) ; keywords, section headings, abbreviations, and notabilia (side-heads) rubricated ; overlining and occasional textual dividers in the form of discs in red ; written area surrounded by red rule-border.</subfield></datafield><datafield tag="500" ind1=" " ind2=" "><subfield code="a">Script: Naskh ; clear, well-formed Turkish hand ; seriffed with mainly right-sloping head serifs on virtually all vertical shafts, even free-standing alif ; slight effect of tilt to the left ; open and closed counters.</subfield></datafield><datafield tag="500" ind1=" " ind2=" "><subfield code="a">Layout: Written in 17 lines per page ; frame-ruled.</subfield></datafield><datafield tag="500" ind1=" " ind2=" "><subfield code="a">Collation: i, 36 V(360), i ; chiefly quinions ; catchwords present ; pagination in black ink, Hindu-Arabic numerals (begins with ۱) ; pagination in pencil, Western numerals, supplied during digitization (includes inserts).</subfield></datafield><datafield tag="500" ind1=" " ind2=" "><subfield code="a">Colophon: "Authorial," rectangular, reads: " فلاستراح [كذا] من مكد الانتهاض نقل هذا المعرب من السواد الى البياض العبد الفقير حسين بن احمد الشهير بزين زاده ... قبيل عصر السبت الخامس من ايام رمضان المنتظم في سلك شهور سنة ثمان وستين ومائة والف من هجرة من ارتدى بالعز والشرف ... تمت الكتاب بعون الله الملك الوهاب والحمد لله رب العالمين حسبي الله وكفي"</subfield></datafield><datafield tag="500" ind1=" " ind2=" "><subfield code="a">Explicit: "اللهم كما انعمت علينا باعراب هذا الكتاب واتممت نعمتك باتمام على وجه الصواب اجعله رافعيا للعقاب ... يقول الفقير الى الملك العزيز هذا اخر ما اوردناه من الاعراب على كتاب الكافية التي هي للمشكلات الشافية ..."</subfield></datafield><datafield tag="500" ind1=" " ind2=" "><subfield code="a">Incipit: "الحمد لله على نعمة الكافية الوافية ومتنه الشافية الصافية ... اما بعد فيقول الراجي من ربه الحسنى والزيادة حسين بن احمد الشهير بزين زاده ... لما كان كتاب الكافية للشيخ ابن الحاجب اوصله الله سبحانه الى اعلى المراتب من احسن ما صنف في علم الاعراب ... حتى سنح لبالي وحضر لروعي ان اكتب كلمات متعلقة ... فاجبت مسؤله وكتبت مأموله وسميته بالفوائد الشافية على اعراب الكافية ..."</subfield></datafield><datafield tag="500" ind1=" " ind2=" "><subfield code="a">Title from opening (p.3).</subfield></datafield><datafield tag="500" ind1=" " ind2=" "><subfield code="a">Ms. codex.</subfield></datafield><datafield tag="510" ind1="4" ind2=" "><subfield code="a">Brockelmann, C. GAL,</subfield><subfield code="c">I, 305 no. 29</subfield></datafield><datafield tag="520" ind1="8" ind2=" "><subfield code="a">Elegant copy of the commentary by Ḥusayn ibn Aḥmad Zaynīʻzādah on Ibn al-Ḥājib's grammatical treatise on naḥw (syntax).</subfield></datafield><datafield tag="538" ind1=" " ind2=" "><subfield code="a">Mode of access: Internet.</subfield></datafield><datafield tag="541" ind1=" " ind2=" "><subfield code="c">Purchase ;</subfield><subfield code="a">Acquired by purchase along with Abdul Hamid Collection (funds donated by Horace Rackham).</subfield><subfield code="d">1924.</subfield></datafield><datafield tag="546" ind1=" " ind2=" "><subfield code="a">Arabic.</subfield></datafield><datafield tag="561" ind1=" " ind2=" "><subfield code="a">Bookplate of British Museum, London on interior of upper cover, "British Museum, London. No. 42. Commentary on Kafiyah." ; circular seal impression with figure of goat/gazelle in purple ink as well as inscription "450" in Western numerals on front flyleaf ; book price on verso of front flyleaf ; circular waqf-seal impression in black ink appears on ’title page’ (p.1), and several places throughout, reads: "هذا وقف الراجي فيض الصمدي الشيخ احمد ضيا الدين ابن مصطفى الخالدي فمن بدله بعد ما سمعه فانما اثمه على الذين يبدلونه" in name of Aḥmad Ḍiyāʼ al-Dīn ibn Muṣṭafá al-Khālidī (i.e. Ahmed Ziyâüddîn Gümüşhanevî, d. 1893 or 4) ; a few glosses and marginal corrections ; occasional notabilia (side-heads).</subfield></datafield><datafield tag="600" ind1="1" ind2="0"><subfield code="a">Ibn al-Ḥājib, ʻUthmān ibn ʻUmar,</subfield><subfield code="d">1175-1249.</subfield><subfield code="t">Kāfiyah.</subfield></datafield><datafield tag="650" ind1=" " ind2="0"><subfield code="a">Manuscripts, Arabic</subfield><subfield code="z">Michigan</subfield><subfield code="z">Ann Arbor.</subfield></datafield><datafield tag="650" ind1=" " ind2="0"><subfield code="a">Arabic language</subfield><subfield code="x">Syntax</subfield><subfield code="v">Early works to 1800.</subfield></datafield><datafield tag="650" ind1=" " ind2="0"><subfield code="a">Arabic language</subfield><subfield code="x">Grammar</subfield><subfield code="v">Early works to 1800.</subfield></datafield><datafield tag="773" ind1="0" ind2=" "><subfield code="a">Tiflis Collection.</subfield></datafield><datafield tag="880" ind1="1" ind2="2"><subfield code="6">245-03/</subfield><subfield code="a">الفوائد الشافية على اعراب الكافية,</subfield><subfield code="f">[اواخر القرن 18 أو اوائل القرن 19م].</subfield></datafield><datafield tag="880" ind1="1" ind2="0"><subfield code="6">240-02/</subfield><subfield code="a">معرب الكافية</subfield></datafield><datafield tag="880" ind1="1" ind2=" "><subfield code="6">100-01/</subfield><subfield code="a">زيني زادة، حسين بن أحمد.</subfield></datafield><datafield tag="CID" ind1=" " ind2=" "><subfield code="a">006768653</subfield></datafield><datafield tag="DAT" ind1="0" ind2=" "><subfield code="a">20190719102635.0</subfield><subfield code="b">20190719000000.0</subfield></datafield><datafield tag="DAT" ind1="1" ind2=" "><subfield code="a">20190719090653.0</subfield><subfield code="b">2019-07-19T16:11:18Z</subfield></datafield><datafield tag="DAT" ind1="2" ind2=" "><subfield code="a">2015-10-10T18:00:06Z</subfield></datafield><datafield tag="CAT" ind1=" " ind2=" "><subfield code="a">SDR-MIU</subfield><subfield code="d">EX LIBRIS - ALEPH</subfield><subfield code="l">prepare.pl-004-008</subfield></datafield><datafield tag="FMT" ind1=" " ind2=" "><subfield code="a">BK</subfield></datafield><datafield tag="HOL" ind1=" " ind2=" "><subfield code="0">sdr-miu006768653</subfield><subfield code="a">MiU</subfield><subfield code="b">SDR</subfield><subfield code="c">MIU</subfield><subfield code="p">mdp.39015079125210</subfield><subfield code="s">MIU</subfield><subfield code="1">006768653</subfield></datafield><datafield tag="974" ind1=" " ind2=" "><subfield code="b">MIU</subfield><subfield code="c">MIU</subfield><subfield code="d">20190719</subfield><subfield code="s">lit-dlps-dc</subfield><subfield code="u">mdp.39015079125210</subfield><subfield code="y">1830</subfield><subfield code="r">pd</subfield><subfield code="q">bib</subfield><subfield code="t">non-US bib date2 &lt; 1879</subfield></datafield></record></collection>